%%% Journal articles ...

% IEEE Transactions on Smart Grid

@ARTICLE{Mocanu2018, 
author={E. Mocanu and D. C. Mocanu and P. H. Nguyen and A. Liotta and M. E. Webber and M. Gibescu and J. G. Slootweg}, 
journal={IEEE Transactions on Smart Grid}, 
title={On-line Building Energy Optimization using Deep Reinforcement Learning}, 
year={2018}, 
volume={0}, 
number={0}, 
pages={1-1}, 
keywords={Buildings;Machine learning;Learning (artificial intelligence);Energy consumption;Optimization;Smart grids;Minimization;Deep Reinforcement Learning;Demand Response;Deep Neural Networks;Smart Grid;Strategic Optimization.}, 
doi={10.1109/TSG.2018.2834219}, 
month={TBA},}

% Energy and Buildings

@article{Ferreira2012,
title = "Neural networks based predictive control for thermal comfort and energy savings in public buildings",
journal = "Energy and Buildings",
volume = "55",
pages = "238--251",
year = "2012",
doi = "https://doi.org/10.1016/j.enbuild.2012.08.002",
author = "P.M. Ferreira and A.E. Ruano and S. Silva and E.Z.E. Conceição",
keywords = "HVAC predictive control, Predicted mean vote, Neural networks, Multi-objective genetic algorithm, Thermal comfort, Wireless sensor networks"
}

@article{Chikkatur2011,
author = {Ananth P. Chikkatur and Ankur Chaudhary and Ambuj D. Sagar},
title = {Coal Power Impacts, Technology, and Policy: Connecting the Dots},
journal = {Annual Review of Environment and Resources},
volume = {36},
number = {1},
pages = {101--138},
year = {2011}
}

@article{Khan2004,
Author = {Kaisar R. Khan and Qamrul Ahsan  and Moshiur R Bhuiyan},
Title =	 {Expected Energy Production Cost of Two Area interconnected Systems with Jointly Owned Units},
Journal = {Electric Power System Research Journal},
volume = {69},
pages = {115--122},
year = {2004},
}


%%% Conference articles

@inproceedings{FrancoisLavet2016,
  title={Deep Reinforcement Learning Solutions for Energy Microgrids Management},
  author={Vincent Francois-Lavet and D. Taralla},
  year={2016}
}

@INPROCEEDINGS{Pipattanasomporn2015, 
author={M. Pipattanasomporn and M. Kuzlu and W. Khamphanchai and A. Saha and K. Rathinavel and S. Rahman}, 
booktitle={2015 IEEE Innovative Smart Grid Technologies - Asia (ISGT ASIA)}, 
title={BEMOSS: An agent platform to facilitate grid-interactive building operation with IoT devices}, 
year={2015}, 
pages={1-6}, 
month={Nov},}


@INPROCEEDINGS{FrancoisLavet2014, 
author={V. Francois-Lavet and R. Fonteneau and D. Ernst}, 
booktitle={2014 IEEE Symposium on Adaptive Dynamic Programming and Reinforcement Learning (ADPRL)}, 
title={Using approximate dynamic programming for estimating the revenues of a hydrogen-based high-capacity storage device}, 
year={2014}, 
pages={1-8}, 
keywords={dynamic programming;electrolysis;fuel cells;hydrogen storage;power markets;maximum revenue estimation;high-capacity storage device;day-ahead electricity market;dynamic programming principle;hydrogen-based storage devices;electrolysis;fuel cells;Belgian market;optimal revenue;interseasonal price fluctuations;Electricity;Hydrogen;Fuel cells;Electrochemical processes;Hydrogen storage;Dynamic programming}, 
doi={10.1109/ADPRL.2014.7010624}, 
month={Dec},}


@inproceedings{Alam2017,
	Address = {Jeddah, KSA},
	Author = {Md Shahin Alam and Kaisar R. Khan and Atiqur Rahman and Matiur Rahman},
	Booktitle = {Saudi Smart Grid Conference},
	Month = {December},
	Title = {Sustainable energy generation for a rapidly growing power system network in South East Asia using optimum control theory},
	Year = {2017}
}

@INPROCEEDINGS{Zhang2016, 
author={X. Zhang and R. Adhikari and M. Pipattanasomporn and M. Kuzlu and S. Rahman}, 
booktitle={2016 IEEE 3rd World Forum on Internet of Things (WF-IoT)}, 
title={Deploying IoT devices to make buildings smart: Performance evaluation and deployment experience}, 
year={2016}, 
pages={530-535}, 
keywords={building management systems;Internet;Internet of Things;IoT devices;Internet of Things;energy management system;small- and medium-sized commercial buildings;embedded systems;software optimization;low-cost single board computer;IoT devices;Embedded System;Smart Building}, 
month={Dec},}


@inproceedings{Khamphanchai2015,
	Address = {Bangkok, Thailand},
	Author = {W. Khamphanchai and M. Pipattanasomporn and M. Kuzlu and S. Rahman},
	Booktitle = {IEEE PES Innovative Smart Grid Technologies Asia (ISGT ASIA)},
	Month = {November},
	Title = {An agent-based open source platform for building energy management},
	Year = {2015}
}

@ARTICLE{Reppa2015,
author={V. Reppa and P. Papadopoulos and M. M. Polycarpou and C. G. Panayiotou},
journal={IEEE Transactions on Control Systems Technology},
title={A Distributed Architecture for HVAC Sensor Fault Detection and Isolation},
year={2015},
volume={23},
number={4},
pages={1323-1337},
keywords={distributed sensors;fault diagnosis;HVAC;distributed architecture;HVAC sensor;fault detection;fault isolation;multiple sensor faults;heating-ventilation-air-conditioning systems;interconnected nonlinear subsystems;dedicated local sensor fault diagnosis;LSFD;distributed sensor;robust analytical redundancy relations;estimation-based residuals;adaptive thresholds;reasoning-based decision logic;eight-zone HVAC system;Temperature measurement;Temperature sensors;Coils;Cooling;Storage tanks;Fault detection;Water heating;Distributed fault diagnosis;fault detection;fault isolation;heating;ventilation;and air conditioning (HVAC) system;sensor faults.;Distributed fault diagnosis;fault detection;fault isolation;heating;ventilation;air conditioning (HVAC) system;sensor faults},
doi={10.1109/TCST.2014.2363629},
ISSN={1063-6536},
month={July},}


% Theses, technical reports, etc

@phdthesis{FrancoisLavet2017,
  author       = {Vincent François-Lavet}, 
  title        = {Contributions to deep reinforcement learning and its applications in smartgrids},
  school       = {University of Liege},
  year         = {2017},
  address      = {Place du 20 Aout 7, 4000 Liege, Belgium},
  month        = {September}
}

@mastersthesis{Shahin2017,
	Address = {Lake Charles, LA, USA},
	Author = {Md Shahin Alam},
	Month = {May},
	School = {Department of Electrical Engineering, McNeese State University},
	Title = {Feasibility Study of Bangladesh Power Grid Network for Optimum use of Available Energy Resources},
	Year = {2017}
}

@mastersthesis{Parsa2013,
	Address = {Ottawa, Ontario, Canada},
	Author = {Maryam Parsa},
	Month = {October},
	School = {Department of Electrical and Computer Engineering, University of Ottawa},
	Title = {Optimum Decision policy for gradual replacement of conventional power sources by clean power sources},
	Year = {2013}
}
% Mobile robot localization

% Journal: IEEE Transactions on Control Systems Technology 
@ARTICLE{Martinelli2015-Robot, 
author={F. Martinelli}, 
journal={IEEE Transactions on Control Systems Technology}, 
title={A Robot Localization System Combining RSSI and Phase Shift in UHF-RFID Signals},
year={2015}, 
volume={23}, 
number={5}, 
pages={1782-1796},  
doi={10.1109/TCST.2014.2386777}, 
ISSN={1063-6536}, 
month={Sept},
}


@ARTICLE{DiGiampaolo2014, 
author={E. DiGiampaolo and F. Martinelli}, 
journal={IEEE Transactions on Industrial Electronics}, 
title={Mobile Robot Localization Using the Phase of Passive UHF RFID Signals}, 
year={2014}, 
volume={61}, 
number={1}, 
pages={365-376}, 
doi={10.1109/TIE.2013.2248333}, 
ISSN={0278-0046}, 
month={Jan},
}

% IEEE Transactions on Robotics
@ARTICLE{Song2012, 
author={D. Song and C. Y. Kim and J. Yi}, 
journal={IEEE Transactions on Robotics}, 
title={Simultaneous Localization of Multiple Unknown and Transient Radio Sources Using a Mobile Robot}, 
year={2012}, 
volume={28}, 
number={3}, 
pages={668-680}, 
doi={10.1109/TRO.2012.2183069}, 
ISSN={1552-3098}, 
month={June},}

% Robotics and Automation, 2004. Proceedings. ICRA '04. 2004 IEEE International Conference on
@INPROCEEDINGS{Hahnel2004, 
author={D. Hahnel and W. Burgard and D. Fox and K. Fishkin and M. Philipose}, 
booktitle={Robotics and Automation, 2004. Proceedings. ICRA '04. 2004 IEEE International Conference on}, 
title={Mapping and localization with RFID technology}, 
year={2004}, 
volume={1}, 
pages={1015-1020 Vol.1}, 
doi={10.1109/ROBOT.2004.1307283}, 
ISSN={1050-4729}, 
month={April},}

% IEEE Sensors Journal %% I could not find this anywhere to downlaod without paying but a similar version by one of the authors is on Google Drive
@ARTICLE{Hood2011, 
author={B. N. Hood and P. Barooah}, 
journal={IEEE Sensors Journal}, 
title={Estimating DoA From Radio-Frequency RSSI Measurements Using an Actuated Reflector}, 
year={2011}, 
volume={11}, 
number={2}, 
pages={413-417}, 
doi={10.1109/JSEN.2010.2070872}, 
ISSN={1530-437X}, 
month={Feb},}

@INPROCEEDINGS{Khan2018, 
author={K. R. Khan and A. Rahman and A. Nadeem and M. S. Siddiqui and R. A. Khan}, 
booktitle={2018 1st International Conference on Computer Applications Information Security (ICCAIS)}, 
title={Remote Monitoring and Control of Microgrid using Smart Sensor Network and Internet of Thing}, 
year={2018}, 
volume={}, 
number={}, 
pages={1-4}, 
keywords={Smart grids;Monitoring;Microgrids;Condition monitoring;Induction motors;Protocols;Mictro grid;distributed generation;remote monitoring & control;IoT;Human Machine Interface (HMI)}, 
doi={10.1109/CAIS.2018.8441994}, 
ISSN={}, 
month={April},}

@ARTICLE{Dhar2018, 
author={N. K. Dhar and N. K. Verma and L. Behera}, 
journal={IEEE Transactions on Industrial Informatics}, 
title={Adaptive Critic-Based Event-Triggered Control for HVAC System}, 
year={2018}, 
volume={14}, 
number={1}, 
pages={178-188}, 
keywords={adaptive control;continuous time systems;discrete time systems;dynamic programming;HVAC;linear quadratic control;Lyapunov methods;nonlinear control systems;optimal control;stability;temperature control;HVAC system;air conditioning system;thermal condition;real-time event;adaptive critic controller;optimal control actions;desired temperatures;real-time controller;event-based actions;nonlinear discrete time systems;actor-critic network weight update formulation;control execution events;Adaptive systems;Discrete-time systems;Real-time systems;Trajectory;Nonlinear dynamical systems;Adaptive critic control;discrete time system;event-triggered controller;heating;ventilation;and air conditioning (HVAC) system;stability}, 
doi={10.1109/TII.2017.2725899}, 
ISSN={1551-3203}, 
month={Jan},}
%%% Journal articles ...

% IEEE Transactions on Smart Grid

@ARTICLE{Mocanu2018, 
author={E. Mocanu and D. C. Mocanu and P. H. Nguyen and A. Liotta and M. E. Webber and M. Gibescu and J. G. Slootweg}, 
journal={IEEE Transactions on Smart Grid}, 
title={On-line Building Energy Optimization using Deep Reinforcement Learning}, 
year={2018}, 
volume={0}, 
number={0}, 
pages={1-1}, 
keywords={Buildings;Machine learning;Learning (artificial intelligence);Energy consumption;Optimization;Smart grids;Minimization;Deep Reinforcement Learning;Demand Response;Deep Neural Networks;Smart Grid;Strategic Optimization.}, 
doi={10.1109/TSG.2018.2834219}, 
month={TBA},}

@ARTICLE{Althaher2015,
author={S. Althaher and P. Mancarella and J. Mutale},
journal={IEEE Transactions on Smart Grid},
title={Automated Demand Response From Home Energy Management System Under Dynamic Pricing and Power and Comfort Constraints},
year={2015},
volume={6},
number={4},
pages={1874-1883},
keywords={demand side management;domestic appliances;integer programming;invoicing;iterative methods;minimisation;nonlinear programming;power system control;pricing;automated demand response;home energy management system controller;dynamic pricing;power constraints;comfort constraints;domestic appliances;electricity bill reduction;mixed integer nonlinear optimization problem;iterative manner rolling throughout;Home appliances;Electricity;Optimization;Power demand;Energy management;Mathematical model;Pricing;Automated demand response (ADR);building energy management;demand response;dynamic pricing;home energy management systems;optimization-based controller;Automated demand response (ADR);building energy management;demand response;dynamic pricing;home energy management systems;optimization-based controller},
doi={10.1109/TSG.2014.2388357},
ISSN={1949-3053},
month={July},}

% Energy and Buildings

@article{Ferreira2012,
title = "Neural networks based predictive control for thermal comfort and energy savings in public buildings",
journal = "Energy and Buildings",
volume = "55",
pages = "238--251",
year = "2012",
doi = "https://doi.org/10.1016/j.enbuild.2012.08.002",
author = "P.M. Ferreira and A.E. Ruano and S. Silva and E.Z.E. Conceição",
keywords = "HVAC predictive control, Predicted mean vote, Neural networks, Multi-objective genetic algorithm, Thermal comfort, Wireless sensor networks"
}

@article{Chikkatur2011,
author = {Ananth P. Chikkatur and Ankur Chaudhary and Ambuj D. Sagar},
title = {Coal Power Impacts, Technology, and Policy: Connecting the Dots},
journal = {Annual Review of Environment and Resources},
volume = {36},
number = {1},
pages = {101--138},
year = {2011}
}

@article{Khan2004,
Author = {Kaisar R. Khan and Qamrul Ahsan  and Moshiur R Bhuiyan},
Title =	 {Expected Energy Production Cost of Two Area interconnected Systems with Jointly Owned Units},
Journal = {Electric Power System Research Journal},
volume = {69},
pages = {115--122},
year = {2004},
}

%IEEE Internet of Things Journal
@ARTICLE{Pan2015,
author={J. Pan and R. Jain and S. Paul and T. Vu and A. Saifullah and M. Sha},
journal={IEEE Internet of Things Journal},
title={An Internet of Things Framework for Smart Energy in Buildings: Designs, Prototype, and Experiments},
year={2015},
volume={2},
number={6},
pages={527-537},
keywords={building management systems;energy conservation;Internet of Things;Internet of Things;smart energy;IoT;smart grids;energy efficiency;global sustainability;LEED-gold-certificated green office building;smart location-based automated control;networked energy control;cloud-computing technologies;control system prototype;energy saving;network intelligence;Buildings;Energy consumption;Cooling;Energy efficiency;Resistance heating;Correlation;Internet of Things;Smart Energy;Energy Efficiency;Multi-scale Energy-Proportionality;Intelligent Buildings;Location-based Networked Control;Energy efficiency;intelligent buildings;Internet of Things (IoT);location-based networked control;multiscale energy-proportionality;smart energy},
doi={10.1109/JIOT.2015.2413397},
ISSN={2327-4662},
month={Dec},}

% IEEE Access
@ARTICLE{Hannan2018,
author={M. A. Hannan and M. Faisal and P. J. Ker and L. H. Mun and K. Parvin and T. M. I. Mahlia and F. Blaabjerg},
journal={IEEE Access},
title={A Review of Internet of Energy Based Building Energy Management Systems: Issues and Recommendations},
year={2018},
volume={6},
number={},
pages={38997-39014},
keywords={building management systems;energy conservation;energy consumption;energy management systems;optimal control;sustainable development;energy based building energy management systems;net zero energy buildings;energy consumption;building energy efficiency;sustainable energy usages;BEMS data;nZEB solution;energy utilization;smart building energy systems;IoE-based BEMS technologies;energy routers;IoE-based technologies;sustainable building energy usage;future BEMS applications;sustainable building energy management;nZEB configuration;Buildings;Energy consumption;Internet;Energy efficiency;Monitoring;Cooling;Internet of energy (IoE);building energy management system;nearly or net zero energy building;sustainable energy},
doi={10.1109/ACCESS.2018.2852811},
ISSN={2169-3536},
month={},}

%IEEE Journal on Selected Areas in Communications
@ARTICLE{Collotta2015,
author={M. Collotta and G. Pau},
journal={IEEE Journal on Selected Areas in Communications},
title={A Novel Energy Management Approach for Smart Homes Using Bluetooth Low Energy},
year={2015},
volume={33},
number={12},
pages={2988-2996},
keywords={Bluetooth;building management systems;domestic appliances;energy consumption;energy management systems;home automation;power engineering computing;smart power grids;smart homes;smart grids;electric distribution systems;renewable energy sources;information and communication technologies;ICT;wireless networks;control applications;energy harvesting;metering methodologies;smart wireless devices;Bluetooth low energy;BLE;home appliances;home energy management;HEM scheme;energy consumption charges;load demand;electricity consumption charges;Home appliances;Wireless sensor networks;Smart homes;Wireless communication;Energy management;Smart grids;Bluetooth;Smart Home;Smart Grid;Home Energy Management;Wireless Sensor Networks;Bluetooth Low Energy;Smart home;smart grid;home energy management;wireless sensor networks;bluetooth low energy (BLE)},
doi={10.1109/JSAC.2015.2481203},
ISSN={0733-8716},
month={Dec},}

% IEEE Transactions on Energy Conversion
@ARTICLE{Mantovani2014,
author={G. Mantovani and G. T. Costanzo and M. Marinelli and L. Ferrarini},
journal={IEEE Transactions on Energy Conversion},
title={Experimental Validation of Energy Resources Integration in Microgrids via Distributed Predictive Control},
year={2014},
volume={29},
number={4},
pages={1018-1025},
keywords={building management systems;distributed control;distributed power generation;energy management systems;power consumption;power distribution control;power generation control;power grids;predictive control;secondary cells;solar power;space cooling;space heating;wind power;energy resource integration;microgrid;distributed predictive control;energy production management;national grid;resistive load;vanadium redox battery system;solar renewable source;wind renewable source;Technical University of Denmark;distributed energy system;SYSLAB;building space cooling management;building space heating management;storage system management;commercial building;energy consumption management;innovative control scheme;Batteries;Buildings;Production;Microgrids;Temperature measurement;Temperature control;Wind forecasting;Distributed model predictive control;energy management;microgrid testing;Distributed model predictive control;energy management;microgrid testing},
doi={10.1109/TEC.2014.2362887},
ISSN={0885-8969},
month={Dec},}

% IEEE Transactions on Consumer Electronics
@ARTICLE{Han2014,
author={J. Han and C. Choi and W. Park and I. Lee and S. Kim},
journal={IEEE Transactions on Consumer Electronics},
title={Smart home energy management system including renewable energy based on ZigBee and PLC},
year={2014},
volume={60},
number={2},
pages={198-202},
keywords={building management systems;computerised monitoring;cost reduction;energy consumption;energy management systems;home automation;internetworking;programmable controllers;renewable energy sources;Zigbee;home energy cost saving;statistical analysis information;home servers;energy data;remote energy management server;home energy use schedule control;energy estimation;renewable energy gateway;lights;home appliances;ZigBee-based energy measurement modules;energy generation data monitoring;smart HEMS architecture;energy cost minimization;energy consumption;renewable energy systems;PLC;ZigBee;smart home energy management system;Servers;Energy consumption;Home appliances;Renewable energy sources;Inverters;Zigbee;Home Energy Management System;ZigBee;Renewable Energy;Power Line Communication},
doi={10.1109/TCE.2014.6851994},
ISSN={0098-3063},
month={May},}






%%% Conference articles

@inproceedings{FrancoisLavet2016,
  title={Deep Reinforcement Learning Solutions for Energy Microgrids Management},
  author={Vincent Francois-Lavet and D. Taralla},
  year={2016}
}

@INPROCEEDINGS{Pipattanasomporn2015, 
author={M. Pipattanasomporn and M. Kuzlu and W. Khamphanchai and A. Saha and K. Rathinavel and S. Rahman}, 
booktitle={2015 IEEE Innovative Smart Grid Technologies - Asia (ISGT ASIA)}, 
title={BEMOSS: An agent platform to facilitate grid-interactive building operation with IoT devices}, 
year={2015}, 
pages={1-6}, 
month={Nov},}


@INPROCEEDINGS{FrancoisLavet2014, 
author={V. Francois-Lavet and R. Fonteneau and D. Ernst}, 
booktitle={2014 IEEE Symposium on Adaptive Dynamic Programming and Reinforcement Learning (ADPRL)}, 
title={Using approximate dynamic programming for estimating the revenues of a hydrogen-based high-capacity storage device}, 
year={2014}, 
pages={1-8}, 
keywords={dynamic programming;electrolysis;fuel cells;hydrogen storage;power markets;maximum revenue estimation;high-capacity storage device;day-ahead electricity market;dynamic programming principle;hydrogen-based storage devices;electrolysis;fuel cells;Belgian market;optimal revenue;interseasonal price fluctuations;Electricity;Hydrogen;Fuel cells;Electrochemical processes;Hydrogen storage;Dynamic programming}, 
doi={10.1109/ADPRL.2014.7010624}, 
month={Dec},}


@inproceedings{Alam2017,
	Address = {Jeddah, KSA},
	Author = {Md Shahin Alam and Kaisar R. Khan and Atiqur Rahman and Matiur Rahman},
	Booktitle = {Saudi Smart Grid Conference},
	Month = {December},
	Title = {Sustainable energy generation for a rapidly growing power system network in South East Asia using optimum control theory},
	Year = {2017}
}

@INPROCEEDINGS{Zhang2016, 
author={X. Zhang and R. Adhikari and M. Pipattanasomporn and M. Kuzlu and S. Rahman}, 
booktitle={2016 IEEE 3rd World Forum on Internet of Things (WF-IoT)}, 
title={Deploying IoT devices to make buildings smart: Performance evaluation and deployment experience}, 
year={2016}, 
pages={530-535}, 
keywords={building management systems;Internet;Internet of Things;IoT devices;Internet of Things;energy management system;small- and medium-sized commercial buildings;embedded systems;software optimization;low-cost single board computer;IoT devices;Embedded System;Smart Building}, 
month={Dec},}


@inproceedings{Khamphanchai2015,
	Address = {Bangkok, Thailand},
	Author = {W. Khamphanchai and M. Pipattanasomporn and M. Kuzlu and S. Rahman},
	Booktitle = {IEEE PES Innovative Smart Grid Technologies Asia (ISGT ASIA)},
	Month = {November},
	Title = {An agent-based open source platform for building energy management},
	Year = {2015}
}



% Theses, technical reports, etc

@phdthesis{FrancoisLavet2017,
  author       = {Vincent François-Lavet}, 
  title        = {Contributions to deep reinforcement learning and its applications in smartgrids},
  school       = {University of Liege},
  year         = {2017},
  address      = {Place du 20 Aout 7, 4000 Liege, Belgium},
  month        = {September}
}

@mastersthesis{Shahin2017,
	Address = {Lake Charles, LA, USA},
	Author = {Md Shahin Alam},
	Month = {May},
	School = {Department of Electrical Engineering, McNeese State University},
	Title = {Feasibility Study of Bangladesh Power Grid Network for Optimum use of Available Energy Resources},
	Year = {2017}
}

@mastersthesis{Parsa2013,
	Address = {Ottawa, Ontario, Canada},
	Author = {Maryam Parsa},
	Month = {October},
	School = {Department of Electrical and Computer Engineering, University of Ottawa},
	Title = {Optimum Decision policy for gradual replacement of conventional power sources by clean power sources},
	Year = {2013}
}